<record><leader>00000cas a2200000 a 4500</leader><controlfield tag="001">28960692</controlfield><controlfield tag="008">931008d19071989iluwr ne      0   a0eng c</controlfield><datafield ind1=" " ind2=" " tag="010"><subfield code="a">sn 93056084 </subfield></datafield><datafield ind1=" " ind2=" " tag="040"><subfield code="a">NVF</subfield><subfield code="b">eng</subfield><subfield code="c">NVF</subfield><subfield code="d">NVF</subfield><subfield code="d">OCLCQ</subfield><subfield code="d">OCLCF</subfield><subfield code="d">NVF</subfield><subfield code="d">OCLCO</subfield></datafield><datafield ind1="1" ind2=" " tag="029"><subfield code="a">AU@</subfield><subfield code="b">000022866133</subfield></datafield><datafield ind1=" " ind2=" " tag="042"><subfield code="a">pcc</subfield></datafield><datafield ind1=" " ind2=" " tag="043"><subfield code="a">n-us-il</subfield></datafield><datafield ind1="0" ind2="4" tag="245"><subfield code="a">The Durand gazette.</subfield></datafield><datafield ind1=" " ind2=" " tag="260"><subfield code="a">Durand, Ill. :</subfield><subfield code="b">Chas. A. Bancroft,</subfield><subfield code="c">1907-1989.</subfield></datafield><datafield ind1=" " ind2=" " tag="300"><subfield code="a">v.</subfield></datafield><datafield ind1=" " ind2=" " tag="310"><subfield code="a">Weekly</subfield></datafield><datafield ind1="0" ind2=" " tag="362"><subfield code="a">Vol. 1, no. 1 (Mar. 28, 1907)-v. 83, no. 29 (Sept. 28, 1989) = whole no. 4293.</subfield></datafield><datafield ind1=" " ind2=" " tag="515"><subfield code="a">Issues for Mar. 26, 1908-Sept. 28, 1989 called also whole no. 53-4293.</subfield></datafield><datafield ind1=" " ind2=" " tag="580"><subfield code="a">Merged with: Stephenson County scope, and: Pecatonica news, and: Winnebago news, to form: News gazette (Durand, Ill.).</subfield></datafield><datafield ind1=" " ind2="0" tag="651"><subfield code="a">Durand (Ill.)</subfield><subfield code="v">Newspapers.</subfield></datafield><datafield ind1=" " ind2="7" tag="651"><subfield code="a">Illinois</subfield><subfield code="z">Durand.</subfield><subfield code="2">fast</subfield><subfield code="0">(OCoLC)fst01276380</subfield></datafield><datafield ind1=" " ind2="7" tag="655"><subfield code="a">Newspapers.</subfield><subfield code="2">fast</subfield><subfield code="0">(OCoLC)fst01423814</subfield></datafield><datafield ind1=" " ind2=" " tag="752"><subfield code="a">United States</subfield><subfield code="b">Illinois</subfield><subfield code="c">Winnebago</subfield><subfield code="d">Durand.</subfield></datafield><datafield ind1="0" ind2=" " tag="777"><subfield code="t">Winnebago reflector</subfield><subfield code="w">(DLC)sn2005061808</subfield><subfield code="w">(OCoLC)57673923</subfield></datafield><datafield ind1="1" ind2="7" tag="785"><subfield code="t">Stephenson County scope</subfield><subfield code="w">(DLC)sn 93056083</subfield><subfield code="w">(OCoLC)28960462</subfield></datafield><datafield ind1="1" ind2="7" tag="785"><subfield code="t">Pecatonica news</subfield><subfield code="w">(DLC)sn 85033980</subfield><subfield code="w">(OCoLC)12363009</subfield></datafield><datafield ind1="1" ind2="7" tag="785"><subfield code="t">Winnebago news</subfield><subfield code="w">(DLC)sn 93056085</subfield><subfield code="w">(OCoLC)28960809</subfield></datafield><datafield ind1="1" ind2="7" tag="785"><subfield code="t">News gazette (Durand, Ill.)</subfield><subfield code="w">(DLC)sn 93056086</subfield><subfield code="w">(OCoLC)28960879</subfield></datafield></record>